@book{baechle2010,
   author = {Bächle, Michael and Kolb, Arthur},
   title = {Einführung in die Wirtschaftsinformatik 2},
   publisher = {Lehrbuch kompakt},
   address = {München, Oldenburg},
   edition = {aktualisierte und erw},
   year = {2010},
   type = {Book}
}

@misc{benlian2013,
   author = {Benlian, Alexander},
   title = {Abschlussveranstaltung Seminar Lean IT Management},
   volume = {2013},
   number = {18.04.},
   url = {http://www.ise.tu-darmstadt.de/ise/news_details_133825.de.jsp},
   year = {2013},
   type = {Web Page}
}

@inproceedings{broadbent1996,
   author = {Broadbent, Marianne and Weill, Peter and O'Brien, Tim and Test, test},
   title = {Firm context and patterns of IT infrastructure capability},
   shortauthor = {Broadbent, et. al},
   booktitle = {Proceedings of the International Conference on Information Systems},
   publisher = {Society for Information Management},
   type = {Conference Proceedings},
   year = {1996}
}

@book{carnap1974,
   author = {Carnap, Rudolph},
   title = {Der logische Aufbau der Welt},
   publisher = {Meiner},
   address = {Hamburg},
   edition = {unveränd.},
   year = {1974},
   type = {Book}
}

@article{eisenhardt1989,
   author = {Eisenhardt, Kathleen M.},
   title = {Building Theories from Case Study Research},
   journal = {Academy of Management Review},
   volume = {14},
   number = {4},
   pages = {532-550},
   keywords = {CASE studies RESEARCH LOGIC INDUSTRIAL research THEORY (Philosophy) THEORY of knowledge CASE method DEFINITION (Logic) THOUGHT \& thinking HYPOTHESIS},
   ISSN = {03637425},
   DOI = {10.5465/AMR.1989.4308385},
   url = {http://search.ebscohost.com/login.aspx?direct=true&db=buh&AN=4308385&site=ehost-live},
   year = {1989},
   type = {Journal Article}
}

@inbook{kayser2013,
   author = {Kayser, Nicki},
   title = {Finanzderivate nach luxemburgischen Recht},
   booktitle = {Finanzderivate},
   publisher = {Nomos \& Schulthess},
   address = {Baden-Baden},
   volume = {3},
   pages = {569-585},
   year = {2013},
   type = {Book Section}
}

@article{melao2000,
   author = {Melão, Nuno and Pidd, Michael},
   title = {A conceptual framework for understanding business processes and business process modelling},
   journal = {Information Systems Journal},
   volume = {10},
   number = {2},
   pages = {105-129},
   keywords = {Business process management
business process modelling
business process re-engineering
business processes
conceptual framework
modelling approaches},
   ISSN = {1365-2575},
   DOI = {10.1046/j.1365-2575.2000.00075.x},
   url = {http://dx.doi.org/10.1046/j.1365-2575.2000.00075.x},
   year = {2000},
   type = {Journal Article}
}

@phdthesis{shazly2013,
   author = {Shazly, Omar Sameh},
   title = {Launching New Ventures Using the Lean Startup Approach: Case Study in the Application of the Lean Startup Approach and its Impact on Decisions of Early Stage Investors},
   university = {TU Darmstadt},
   year = {2013},
   type = {Thesis}
}

@book{sheffi2005,
   author = {Sheffi, Yossi},
   title = {The Resilient Enterprise: Overcoming Vulnerability for Competitive Advantage},
   publisher = {MIT Press},
   address = {Cambridge, London},
   keywords = {Production Management M110
Firm Organization and Market Structure L220
Contracting Out
Joint Ventures
Technology Licensing L240
Transactional Relationships Contracts and Reputation Networks L140},
   pages = {xiii},
   url = {http://search.ebscohost.com/login.aspx?direct=true&db=ecn&AN=0821721&site=ehost-live},
   year = {2005},
   type = {Book}
}

@misc{welchering2013,
   author = {Welchering, Peter},
   title = {Einschreiben im Klarsichtumschlag},
   month = {17.04.2013},
   url = {http://www.faz.net/aktuell/technik-motor/computer-internet/de-mail-einschreiben-im-klarsichtumschlag-12149204.html},
   year = {2013},
   type = {Newspaper Article}
}

